<?xml version='1.0' encoding='UTF-8'?>
<record xmlns="http://www.loc.gov/MARC21/slim">
  <leader>01183cam a2200265 a 4500</leader>
  <controlfield tag="001">597001</controlfield>
  <controlfield tag="003">NjP</controlfield>
  <controlfield tag="005">20171018100813.0</controlfield>
  <controlfield tag="008">900104s1987    ir            00010 ara d</controlfield>
  <datafield tag="024" ind1="7" ind2=" ">
    <subfield code="a">princeton_aco003177</subfield>
    <subfield code="2">local</subfield>
  </datafield>
  <datafield ind1=" " ind2=" " tag="035">
    <subfield code="a">(OCoLC)80057732</subfield>
  </datafield>
  <datafield ind1=" " ind2=" " tag="035">
    <subfield code="a">(CStRLIN)NJPG90-B379</subfield>
  </datafield>
  <datafield ind1=" " ind2=" " tag="035">
    <subfield code="9">ACT3072TS</subfield>
  </datafield>
  <datafield ind1=" " ind2=" " tag="040">
    <subfield code="a">NjP</subfield>
    <subfield code="c">NjP</subfield>
  </datafield>
  <datafield ind1="1" ind2=" " tag="100">
    <subfield code="a">Ibn Naṣṣār, Muḥammad ibn ʻAlī,</subfield>
    <subfield code="d">1816 or 1817-1875 or 1876.</subfield>
    <subfield code="0">http://id.loc.gov/authorities/names/nr90002227</subfield>
  </datafield>
  <datafield ind1="1" ind2="3" tag="245">
    <subfield code="a">al-Naṣṣārīyāt al-kubrá :</subfield>
    <subfield code="b">fī rithāʼ al-Imām al-shahīd al-Ḥusayn ... /</subfield>
    <subfield code="c">lil-shāʻir Muḥammad Naṣṣār ; bi-al-ishtirāk maʻa al-Sayyid ʻAbd al-Munʻim ... [et al.].</subfield>
  </datafield>
  <datafield ind1=" " ind2=" " tag="250">
    <subfield code="a">al-Ṭabʻah 2.</subfield>
  </datafield>
  <datafield ind1=" " ind2=" " tag="260">
    <subfield code="a">Qum :</subfield>
    <subfield code="b">al-Riḍá,</subfield>
    <subfield code="c">1366? [1987]</subfield>
  </datafield>
  <datafield ind1=" " ind2=" " tag="300">
    <subfield code="a">48 p. ;</subfield>
    <subfield code="c">24 cm.</subfield>
  </datafield>
  <datafield ind1=" " ind2=" " tag="500">
    <subfield code="a">Poems in the Iraqi dialect.</subfield>
  </datafield>
  <datafield ind1=" " ind2=" " tag="534">
    <subfield code="p">Reprint. Originally published:</subfield>
    <subfield code="c">al-Najaf : al-Maktabah al-Ḥaydarīyah, 1965.</subfield>
  </datafield>
  <datafield ind1="0" ind2="0" tag="600">
    <subfield code="a">Ḥusayn ibn ʻAlī,</subfield>
    <subfield code="d">d. 680</subfield>
    <subfield code="x">Poetry.</subfield>
  </datafield>
  <datafield ind1="2" ind2=" " tag="700">
    <subfield code="a">ʻAbd al-Munʻim, al-Sayyid.</subfield>
  </datafield>
  <datafield ind1=" " ind2=" " tag="998">
    <subfield code="a">01/25/90</subfield>
    <subfield code="s">9114</subfield>
    <subfield code="n">NjP</subfield>
    <subfield code="w">NJPG90B379</subfield>
    <subfield code="d">01/04/90</subfield>
    <subfield code="c">JEB</subfield>
    <subfield code="b">JEB</subfield>
    <subfield code="i">900125</subfield>
    <subfield code="l">NJPG</subfield>
  </datafield>
  <datafield ind1=" " ind2=" " tag="911">
    <subfield code="a">19921028</subfield>
  </datafield>
  <datafield ind1=" " ind2=" " tag="912">
    <subfield code="a">19910104000000.0</subfield>
  </datafield>
  <datafield ind1="0" ind2="0" tag="852">
    <subfield code="0">653504</subfield>
    <subfield code="b">rcppa</subfield>
    <subfield code="t">1</subfield>
    <subfield code="h">BP193.13.A3</subfield>
    <subfield code="i">I266 1987</subfield>
    <subfield code="x">tr fr nec</subfield>
  </datafield>
  <datafield ind1=" " ind2=" " tag="959">
    <subfield code="a">2000-06-13 00:00:00 -0400</subfield>
  </datafield>
</record>
